<?xml version="1.0" encoding="UTF-8"?><record xmlns="http://www.loc.gov/MARC21/slim" xmlns:cinclude="http://apache.org/cocoon/include/1.0" xmlns:zs="http://www.loc.gov/zing/srw/">
  <leader>00507nz  a2200145n  4500</leader>
  <controlfield tag="001">no 99018723 </controlfield>
  <controlfield tag="003">DLC</controlfield>
  <controlfield tag="005">19990317053253.9</controlfield>
  <controlfield tag="008">990316n| acannaab|          |a ana     c</controlfield>
  <datafield tag="010" ind1=" " ind2=" ">
    <subfield code="a">no 99018723 </subfield>
  </datafield>
  <datafield tag="035" ind1=" " ind2=" ">
    <subfield code="a">(OCoLC)oca04943394 </subfield>
  </datafield>
  <datafield tag="040" ind1=" " ind2=" ">
    <subfield code="a">TNJ</subfield>
    <subfield code="c">TNJ</subfield>
  </datafield>
  <datafield tag="110" ind1="2" ind2=" ">
    <subfield code="a">Tlahcuilo (Organization)</subfield>
  </datafield>
  <datafield tag="410" ind1="2" ind2=" ">
    <subfield code="a">Tlahcuilo/Culturas Indi패genas</subfield>
  </datafield>
  <datafield tag="670" ind1=" " ind2=" ">
    <subfield code="a">Nahuatlismos, 1996:</subfield>
    <subfield code="b">t.p. (Tlahcuilo, taller de escritura pictogra패fica nahuatl) p. 2 (Tlahcuilo/Culturas Indi패genas, taller de escritura pictogra패fica nahuatl)</subfield>
  </datafield>
</record>